<record><leader>00000cas a2200000 a 4500</leader><controlfield tag="001">41486137</controlfield><controlfield tag="008">990604u1943uuuufluer ne      0    0eng c</controlfield><datafield ind1=" " ind2=" " tag="010"><subfield code="a">sn 99026808 </subfield></datafield><datafield ind1=" " ind2=" " tag="040"><subfield code="a">FUG</subfield><subfield code="b">eng</subfield><subfield code="c">FUG</subfield><subfield code="d">OCLCQ</subfield><subfield code="d">OCLCF</subfield><subfield code="d">OCLCO</subfield></datafield><datafield ind1=" " ind2=" " tag="042"><subfield code="a">pcc</subfield></datafield><datafield ind1=" " ind2=" " tag="043"><subfield code="a">n-us-fl</subfield></datafield><datafield ind1="0" ind2="4" tag="245"><subfield code="a">The Daytona dauntless.</subfield></datafield><datafield ind1="1" ind2=" " tag="246"><subfield code="i">Issued as:</subfield><subfield code="a">Daytona weekly blade</subfield><subfield code="f">Apr. 15, 1944</subfield></datafield><datafield ind1="1" ind2=" " tag="246"><subfield code="i">Issued as:</subfield><subfield code="a">Fightin' swamp cats</subfield><subfield code="f">Apr. 22, 1944</subfield></datafield><datafield ind1="3" ind2="0" tag="246"><subfield code="a">Dauntless</subfield></datafield><datafield ind1=" " ind2=" " tag="260"><subfield code="a">Daytona Beach, Fla. :</subfield><subfield code="b">U.S. Naval Air Station</subfield></datafield><datafield ind1=" " ind2=" " tag="300"><subfield code="a">v. :</subfield><subfield code="b">ill.</subfield></datafield><datafield ind1=" " ind2=" " tag="310"><subfield code="a">Biweekly</subfield></datafield><datafield ind1=" " ind2=" " tag="588"><subfield code="a">Description based on: Vol. 1, no. 17 (Oct. 13, 1943).</subfield></datafield><datafield ind1=" " ind2=" " tag="588"><subfield code="a">Latest issue consulted: Vol. 2, no. 14 (Apr. 8, 1944).</subfield></datafield><datafield ind1=" " ind2="0" tag="650"><subfield code="a">Air bases</subfield><subfield code="z">Florida</subfield><subfield code="v">Newspapers.</subfield></datafield><datafield ind1=" " ind2="0" tag="651"><subfield code="a">Daytona Beach (Fla.)</subfield><subfield code="v">Newspapers.</subfield></datafield><datafield ind1=" " ind2="0" tag="651"><subfield code="a">Volusia County (Fla.)</subfield><subfield code="v">Newspapers.</subfield></datafield><datafield ind1=" " ind2="7" tag="655"><subfield code="a">Newspapers.</subfield><subfield code="2">fast</subfield><subfield code="0">(OCoLC)fst01423814</subfield></datafield><datafield ind1=" " ind2="7" tag="650"><subfield code="a">Air bases.</subfield><subfield code="2">fast</subfield><subfield code="0">(OCoLC)fst00802224</subfield></datafield><datafield ind1=" " ind2="7" tag="651"><subfield code="a">Florida.</subfield><subfield code="2">fast</subfield><subfield code="0">(OCoLC)fst01205150</subfield></datafield><datafield ind1=" " ind2="7" tag="651"><subfield code="a">Florida</subfield><subfield code="z">Daytona Beach.</subfield><subfield code="2">fast</subfield><subfield code="0">(OCoLC)fst01202733</subfield></datafield><datafield ind1=" " ind2="7" tag="651"><subfield code="a">Florida</subfield><subfield code="z">Volusia County.</subfield><subfield code="2">fast</subfield><subfield code="0">(OCoLC)fst01204998</subfield></datafield><datafield ind1=" " ind2=" " tag="752"><subfield code="a">United States</subfield><subfield code="b">Florida</subfield><subfield code="c">Volusia</subfield><subfield code="d">Daytona Beach.</subfield></datafield><datafield ind1="0" ind2="0" tag="785"><subfield code="t">Gremlin (Daytona Beach, Fla.)</subfield><subfield code="w">(DLC)sn 99026809</subfield></datafield></record>